%% This BibTeX bibliography file was created using BibDesk.
%% http://bibdesk.sourceforge.net/


%% Created for Ryo Shen at 2014-04-02 22:28:34 -0400 


%% Saved with string encoding Unicode (UTF-8) 



@article{Hearst2009,
	Author = {M. A. Hearst and E. Stoica},
	Date-Added = {2014-04-03 02:27:25 +0000},
	Date-Modified = {2014-04-03 02:28:34 +0000},
	Journal = {Text and Citation Analysis for Scholarly Digital Libraries},
	Month = {August},
	Pages = {62--70},
	Title = {Nlp support for faceted navigation in scholarly collection},
	Year = {2009}}

@article{Shen2005,
	Author = {X. Shen, B. Tan, and C. Zhai},
	Date-Added = {2014-04-03 02:24:39 +0000},
	Date-Modified = {2014-04-03 02:25:21 +0000},
	Journal = {In Proceedings of SIGIR},
	Pages = {43--50},
	Title = {Context-sensitive information retrieval using implicit feedback.},
	Volume = {05},
	Year = {2005}}

@article{Tan2006,
	Author = {B. Tan, X. Shen, and C. Zhai},
	Date-Added = {2014-04-03 02:23:22 +0000},
	Date-Modified = {2014-04-03 02:24:07 +0000},
	Journal = {In Proceedings of KDD},
	Pages = {718--723},
	Title = {Mining long-term search history to improve search accuracy},
	Year = {2006}}

@article{Dash2008,
	Author = {Debabrata Dash, et al},
	Date-Added = {2014-04-03 01:15:40 +0000},
	Date-Modified = {2014-04-03 01:16:22 +0000},
	Journal = {CIKM},
	Title = {Dynamic Faceted Search for Discovery-Driven Analysis},
	Year = {2008}}

@article{Hearst2006,
	Author = {Hearst},
	Date-Added = {2014-04-03 01:07:49 +0000},
	Date-Modified = {2014-04-03 01:08:18 +0000},
	Journal = {ACM},
	Month = {April},
	Number = {4},
	Title = {Clustering versus Faceted Categories for Information Exploration},
	Volume = {49},
	Year = {2006}}

@article{Marchionini2006,
	Author = {Gary Marchionini},
	Date-Added = {2014-04-03 01:03:11 +0000},
	Date-Modified = {2014-04-03 01:04:05 +0000},
	Journal = {ACM},
	Month = {April},
	Number = {4},
	Pages = {41-46},
	Title = {Exploratory search: From finding to understanding},
	Volume = {49},
	Year = {2006}}

@article{Roy2008,
	Author = {Senjuti Basu Roy, Haidong Wang, Gautam Das },
	Date-Modified = {2014-04-03 00:55:05 +0000},
	Publisher = {CIKM},
	Title = {Minimum-Effort Driven Dynamic Faceted Search in Structured Databases},
	Year = {2008}}

@article{Knuth1968,
	Author = {Knuth, Donald E},
	Journal = {Mathematical Systems Theory},
	Number = {2},
	Pages = {127--145},
	Publisher = {Springer},
	Title = {Semantics of Context-free Languages},
	Volume = {2},
	Year = {1968}}
